<record><leader>00000cas a22000007a 4500</leader><controlfield tag="001">26043938</controlfield><controlfield tag="008">920618d19391939riuwr ne      0    0eng d</controlfield><datafield ind1=" " ind2=" " tag="010"><subfield code="a">sn 92064119 </subfield></datafield><datafield ind1=" " ind2=" " tag="040"><subfield code="a">RHN</subfield><subfield code="b">eng</subfield><subfield code="c">RHN</subfield><subfield code="d">OCLCQ</subfield></datafield><datafield ind1=" " ind2=" " tag="042"><subfield code="a">msc</subfield></datafield><datafield ind1="0" ind2="0" tag="245"><subfield code="a">Cranston herald-news.</subfield></datafield><datafield ind1=" " ind2=" " tag="260"><subfield code="a">Cranston, R.I. :</subfield><subfield code="b">Associated Publications</subfield></datafield><datafield ind1=" " ind2=" " tag="300"><subfield code="a">v.</subfield></datafield><datafield ind1=" " ind2=" " tag="310"><subfield code="a">Weekly</subfield></datafield><datafield ind1="0" ind2=" " tag="362"><subfield code="a">Vol. 19, no. 3 (May 4, 1939)-v. 19, no. 21 (Sept. 8, 1939).</subfield></datafield><datafield ind1=" " ind2="4" tag="651"><subfield code="a">Cranston (R.I.)</subfield><subfield code="v">Newspapers.</subfield></datafield><datafield ind1=" " ind2=" " tag="752"><subfield code="a">United States</subfield><subfield code="b">Rhode Island</subfield><subfield code="c">Providence</subfield><subfield code="d">Cranston.</subfield></datafield><datafield ind1="0" ind2="4" tag="780"><subfield code="t">Cranston herald (Cranston, R.I. : 1936)</subfield><subfield code="w">(DLC)sn 92064118</subfield></datafield><datafield ind1="0" ind2="4" tag="780"><subfield code="t">Cranston news</subfield><subfield code="w">(DLC)sn 92064117</subfield></datafield><datafield ind1="0" ind2="0" tag="785"><subfield code="t">Herald-news (Cranston, R.I.)</subfield><subfield code="w">(DLC)sn 92064120</subfield></datafield><datafield ind1="1" ind2=" " tag="029"><subfield code="a">AU@</subfield><subfield code="b">000020749117</subfield></datafield></record>